@article{10.3389/fevo.2021.767177,
  
AUTHOR={HÃ¶lker, Franz and Bolliger, Janine and Davies, Thomas W. and Giavi, Simone and Jechow, Andreas and Kalinkat, Gregor and Longcore, Travis and Spoelstra, Kamiel and Tidau, Svenja and Visser, Marcel E. and Knop, Eva},   
	 
TITLE={11 Pressing Research Questions on How Light Pollution Affects Biodiversity},      
	
JOURNAL={Frontiers in Ecology and Evolution},      
	
VOLUME={9},           
	
YEAR={2021},      
	  
URL={https://www.frontiersin.org/articles/10.3389/fevo.2021.767177},       
	
DOI={10.3389/fevo.2021.767177},      
	
ISSN={2296-701X}, 
}