
@misc{bureau_historical_nodate,
	title = {Historical {Population} {Density} {Data} (1910-2020)},
	url = {https://www.census.gov/data/tables/time-series/dec/density-data-text.html},
	abstract = {Population density for the nation and states.},
	urldate = {2023-02-17},
	journal = {Census.gov},
	author = {Bureau, US Census},
	note = {Section: Government},
}
