%% This BibTeX bibliography file was created using BibDesk.
%% https://bibdesk.sourceforge.io/


@webpage{LBMA,
	title = {London Bullion Market Association},
	url = {https://www.lbma.org.uk/prices-and-data/lbma-gold-price},
	bdsk-url-1 = {https://www.lbma.org.uk/prices-and-data/lbma-gold-price},
}

@webpage{NASDAQ,
	title = {NASDAQ},
	url = {https://www.nasdaq.com},
	bdsk-url-1 = {https://www.nasdaq.com},
}


@article{factoranalysis,
	author = {Finney, SJ},
	pages = {245-248},
	title = {Exploratory and confirmatory factor analysis: Understanding concepts and applications},
	year = {2007},
}


@book{eaton,
	title={Global Trends in Language Learning in the 21st Century.},
	author={Eaton, Sarah Elaine},
	year={2010},
	publisher={ERIC},
}

@misc{bureau_historical_nodate,
	title = {Historical {Population} {Density} {Data} (1910-2020)},
	url = {https://www.census.gov/data/tables/time-series/dec/density-data-text.html},
	abstract = {Population density for the nation and states.},
	urldate = {2023-02-17},
	journal = {Census.gov},
	author = {Bureau, US Census},
	note = {Section: Government},
}